@Book{
	ObjCAvance,
	author = {Pierre Y. Chatelier},
	publisher = {Eyrolles},
	title = {Objective-C pour le développeur avancé : Le langage iPhone/iPad et Mac OS X pour les développeurs C++/Java/C\#},
	year = {2010},
}

@Book{
	ProgrammingIOS5,
	author = {Matt Neuburg},
	title = {Programming iOS 5: Fundamentals of iPhone, iPad, and iPod touch Development},
	publisher = {O'Reilly Media},
	year = {2012},
	edition = {2nd},
}

@Book{
	cookbook,
	author = {Vandad Nahavandipoor},
	title = {iOS 5 Programming Cookbook: Solutions \& Examples for iPhone, iPad, and iPod touch Apps},
	publisher = {O'Reilly Media},
	year = {2012},
}

@Book{
	objectivec,
	author = {Stephen Kochan},
	title = {Programming in Objective-C},
	publisher = {Developer's Library},
	year = {2004},
}